<record><leader>00000cas a2200000 a 4500</leader><controlfield tag="001">37392489</controlfield><controlfield tag="008">970731d19231942cauwr ne      0    0eng c</controlfield><datafield ind1=" " ind2=" " tag="010"><subfield code="a">sn 97069581 </subfield></datafield><datafield ind1=" " ind2=" " tag="040"><subfield code="a">CNK</subfield><subfield code="b">eng</subfield><subfield code="c">CNK</subfield><subfield code="d">OCLCQ</subfield><subfield code="d">CNK</subfield><subfield code="d">OCLCQ</subfield><subfield code="d">OCLCF</subfield><subfield code="d">OCLCO</subfield></datafield><datafield ind1="1" ind2=" " tag="029"><subfield code="a">AU@</subfield><subfield code="b">000013409283</subfield></datafield><datafield ind1=" " ind2=" " tag="042"><subfield code="a">pcc</subfield></datafield><datafield ind1=" " ind2=" " tag="043"><subfield code="a">n-us-ca</subfield></datafield><datafield ind1="0" ind2="0" tag="245"><subfield code="a">Coronado journal and the Coronado strand.</subfield></datafield><datafield ind1=" " ind2=" " tag="260"><subfield code="a">Coronado, Calif. :</subfield><subfield code="b">Coronado Pub. Co.</subfield></datafield><datafield ind1=" " ind2=" " tag="300"><subfield code="a">v.</subfield></datafield><datafield ind1=" " ind2=" " tag="310"><subfield code="a">Weekly,</subfield><subfield code="b">Apr. 6, 1933-Mar. 26, 1942</subfield></datafield><datafield ind1=" " ind2=" " tag="321"><subfield code="a">Weekly,</subfield><subfield code="b">Sept. 1, 1923-Dec. 28, 1932</subfield></datafield><datafield ind1=" " ind2=" " tag="321"><subfield code="a">Semiweekly,</subfield><subfield code="b">Jan. 3-Mar. 31, 1933</subfield></datafield><datafield ind1="0" ind2=" " tag="362"><subfield code="a">Vol. 12. no. 17 (Sept. 1, 1923)-v. 30, no. 12 (Mar. 26, 1942).</subfield></datafield><datafield ind1=" " ind2=" " tag="500"><subfield code="a">"And the Coronado Strand" appears in parentheses below "Coronado Journal."</subfield></datafield><datafield ind1=" " ind2="0" tag="651"><subfield code="a">Coronado (Calif.)</subfield><subfield code="v">Newspapers.</subfield></datafield><datafield ind1=" " ind2="7" tag="655"><subfield code="a">Newspapers.</subfield><subfield code="2">fast</subfield><subfield code="0">(OCoLC)fst01423814</subfield></datafield><datafield ind1=" " ind2="7" tag="651"><subfield code="a">California</subfield><subfield code="z">Coronado.</subfield><subfield code="2">fast</subfield><subfield code="0">(OCoLC)fst01209748</subfield></datafield><datafield ind1=" " ind2=" " tag="752"><subfield code="a">United States</subfield><subfield code="b">California</subfield><subfield code="c">San Diego</subfield><subfield code="d">Coronado.</subfield></datafield><datafield ind1="0" ind2="0" tag="780"><subfield code="t">Coronado Saturday night and the Coronado strand</subfield><subfield code="w">(DLC)sn 98061538</subfield></datafield><datafield ind1="0" ind2="7" tag="785"><subfield code="t">Coronado citizen</subfield><subfield code="w">(DLC)sn 98061584</subfield></datafield><datafield ind1="0" ind2="7" tag="785"><subfield code="t">Coronado journal and the Coronado citizen</subfield><subfield code="w">(DLC)sn 98061539</subfield></datafield></record>